@article{Santos2016ASocial,
    title = {{A Pol{\'{i}}tica de Assist{\^{e}}ncia Estudantil na Universidade P{\'{u}}blica Brasileira: desafios para o Servi{\c{c}}o Social}},
    year = {2016},
    journal = {Revista Textos {\&} Contextos},
    author = {Santos, Claudia Priscila Chupel dos and Marafon, Nelize Moscon},
    pages = {100--120},
    volume = {15},
    address = {Porto Alegre}
}

@article{North1990APolitics,
    title = {{A transaction cost theory of politics}},
    year = {1990},
    journal = {Journal of Theoretical Politics},
    author = {North, Douglass},
    pages = {355--367},
    volume = {2},
    keywords = {Banggood, Invoice}
}

@article{Antonio2017AnaliseCeara,
    title = {{An{\'{a}}lise do programa de assist{\^{e}}ncia estudantil sobre o rendimento escolar dos alunos do  instituto federal do Cear{\'{a}}}},
    year = {2017},
    journal = {Revista Textos {\&} Contextos},
    author = {Ant{\^{o}}nio, Sérgio Ribeiro Pinho},
    address = {Fortaleza}
}

@article{CarolinaLilideAssis2013AsBrasileiras,
    title = {{As pol{\'{i}}ticas de assist{\^{e}}ncia estudantil: experi{\^{e}}ncias comparadas em universidades p{\'{u}}blicas brasileiras}},
    year = {2013},
    journal = {Revista estudantil},
    author = {Carolina Lili de Assis, Anna and Tanure Sanabio, Marcos and Alves Magaldi, Carolina and Silva Machado, Carla},
    number = {4},
    pages = {125--146},
    volume = {6}
}

@article{Freitas2015AvaliacaoEducacional,
    title = {{Avalia{\c{c}}{\~{a}}o da assist{\^{e}}ncia estudantil: possibilidades e limites de uma pol{\'{i}}tica p{\'{u}}blica educacional}},
    year = {2015},
    author = {Freitas, Aline Dias Pinheiro}
}

@article{HartmannLeibovich2015AvaliacaoUnB,
    title = {{Avalia{\c{c}}{\~{a}}o do consumo alimentar de estudantes frequentadores do Restaurante Universit{\'{a}}rio da UnB}},
    year = {2015},
    journal = {Revista estudantil},
    author = {Hartmann Leibovich, Ygraine}
}

@article{Vieira2016AvaliacaoBrasilia,
    title = {{Avalia{\c{c}}{\~{a}}o e import{\^{a}}ncia dos programas de assist{\^{e}}ncia estudantil da universidade de Bras{\'{i}}lia}},
    year = {2016},
    author = {Vieira, Pedro da Silva},
    address = {Bras{\'{i}}lia}
}

@article{MarreiroBarbosa2013DesempenhoHemoglobina,
    title = {{Desempenho acad{\^{e}}mico de universit{\'{a}}rios: associa{\c{c}}{\~{a}}o entre estado nutricional, ingest{\~{a}}o diet{\'{e}}tica de ferro alimentar e concentra{\c{c}}ões de hemoglobina}},
    year = {2013},
    journal = {Revista desempenho acad{\^{e}}mico},
    author = {Marreiro Barbosa, Amanda and Matos Alves, Adriana and Braga, Yendis and Macedo De Carvalho, Galvão and Freires De Oliveira Costa, Ivone and Maria, Cecília and Gon{\c{c}}alves De Carvalho, Cecília},
    number = {2},
    month = {5},
    pages = {217--223},
    volume = {24},
    address = {Araraquara}
}

@article{Machado2016DireitoUniversitarios,
    title = {{Direito ou benef{\'{i}}cio? Pol{\'{i}}tica de assist{\^{e}}ncia estudantil e seus efeitos subjetivos aos universit{\'{a}}rios}},
    year = {2016},
    journal = {Estudos de Psicologia},
    author = {Machado, Jardel Pelissari and Pan, Miriam Aparecida Graciano de Souza}
}

@article{GuedesdaSilva2017EvasaoInstitucionais,
    title = {{Evas{\~{a}}o no ensino superior  brasileiro:  riscos e arranjos  institucionais}},
    year = {2017},
    journal = {Jornal acad{\^{e}}mico},
    author = {Guedes da Silva, Luciana}
}

@article{NP405_mendeley,
    title = {{NP 405{\_}mendeley}}
}

@misc{2007PLANOESTUDANTIL,
    title = {{PLANO NACIONAL DE ASSIST{\^{E}}NCIA ESTUDANTIL}},
    year = {2007},
    url = {http://www.ufjf.br/proae/files/2009/08/plano-nacional-de-assistencia-estudantil.pdf},
    address = {Bel{\'{e}}m}
}

@article{Alston2006PoliticalBrazil,
    title = {{Political Institutions, Policy Making Process and Policy outcomes in Brazil}},
    year = {2006},
    journal = {Inter-American Development Bank},
    author = {Alston, Lee J. and Melo, Marcus André and Mueller, Bernardo and Pereira, Carlos},
    keywords = {Banggood, Invoice}
}

@article{Bleicher2016PoliticasFederais,
    title = {{Pol{\'{i}}ticas de assist{\^{e}}ncia estudantil em sa{\'{u}}de nos institutos e universidades federais}},
    year = {2016},
    journal = {Psicologia Escolar e Educacional},
    author = {Bleicher, Taís and Oliveira, Raquel Campos Nepomuceno},
    volume = {20},
    keywords = {Health, Higher education, Public policies}
}

@misc{2007PORTARIA2007,
    title = {{PORTARIA NORMATIVA N{\textordmasculine} 39, DE 12 DE DEZEMBRO DE 2007}},
    year = {2007},
    booktitle = {Acesso em: 27 maio. 2018.},
    url = {http://portal.mec.gov.br/arquivos/pdf/portaria_pnaes.pdf}
}

@misc{Sampaio2018PreDrive,
    title = {{Pr{\'{e}} Projeto de Pesquisa - Google Drive}},
    year = {2018},
    author = {Sampaio, Rogério},
    url = {https://drive.google.com/drive/folders/0B-E86PMl_gwQQ3R4QUUtRzNkZWM},
    address = {Bras{\'{i}}lia}
}

@article{Vasconcelos2010PROGRAMABRASIL,
    title = {{PROGRAMA NACIONAL DE ASSIST{\^{E}}NCIA ESTUDANTIL: UMA AN{\'{A}}LISE DA EVOLU{\c{C}}{\~{A}}O DA ASSIST{\^{E}}NCIA ESTUDAN- TIL AO LONGO DA HIST{\'{O}}RIA DA EDUCA{\c{C}}{\~{A}}O SUPERIOR NO BRASIL}},
    year = {2010},
    author = {Vasconcelos, Natalia Batista},
    number = {2},
    pages = {599--616},
    volume = {17},
    keywords = {Assistance, National, Program of, Public politics, Student, Student assistance}
}

@article{SilvaMachado2012SistemaEducation,
    title = {{Sistema de cotas, trajet{\'{o}}rias educacionais e assist{\^{e}}ncia estudantil: por uma educa{\c{c}}{\~{a}}o inclusiva The quota system, educational background and student assistance: towards an inclusive education}},
    year = {2012},
    journal = {Revista desempenho acad{\^{e}}mico},
    author = {Silva Machado, Carla and Magaldi, Carolina Alves}
}

@book{Arrow1970SocialValues,
    title = {{Social choice and individual values}},
    year = {1970},
    author = {Arrow, Kenneth J.},
    edition = {Third Edition},
    address = {Yale University Press},
    keywords = {Banggood, Invoice}
}

@article{Smith2006TheSystem,
    title = {{The economic impact of higher education on Houston: A case study of the university of Houston system}},
    year = {2006},
    journal = {Produced by the Institute for Regional Forecasting},
    author = {Smith, Barton A.},
    keywords = {Banggood, Invoice}
}

@book{Tullock1986TheBurocracy,
    title = {{The politics of burocracy}},
    year = {1986},
    author = {Tullock, Gordon and Buchanan, James M.},
    edition = {Public Affairs Press},
    address = {Washington},
    keywords = {Banggood, Invoice}
}

@article{Goddard1987UniversitiesOverview,
    title = {{Universities and regional development: an overview}},
    year = {1987},
    journal = {Centre for Urban and Regional Developments Studies},
    author = {Goddard, John},
    keywords = {Banggood, Invoice}
}

@article{Charney2003UniversityEconomy,
    title = {{University of Arizona research expenditures: generating jobs, wages and tax revenues in the local economy}},
    year = {2003},
    journal = {The University of Arizona Office of Economic Development},
    author = {Charney, Alberta H. and Pavlakovich-Kochi, Vera},
    keywords = {Banggood, Invoice}
}